@online{MPS,
    author    = "JetBrains",
    title     = "MPW Workbench",
    url       = "https://www.jetbrains.com/mps/",
    keywords  = "MPS, JetBrains"
}

@online{PyGobstones,
    author    = "Gobstones",
    title     = "Link de descarga a PyGobstones",
    url       = "http://www.gobstones.org/?page_id=30",
    keywords  = "Gobstones, PyGobstones"
}
@online{MetaR,
    author    = "Campagne Laboratory",
    title     = "MetaR",
    url       = "http://metaR.campagnelab.org",
    keywords  = "Biomedicina Computacional, MetaR"
}
@online{mbeddr,
    author    = "itemis and fortiss",
    title     = "mbeddr",
    url       = "http://mbeddr.com/",
    keywords  = "Biomedicina Computacional, MetaR"
}



@online{Fowler,
    author    = "Fowler, M.",
    title     = "Language Workbenches: The Killer-App for Domain Specific Languages?",
    url       = "http://martinfowler.com/articles/languageWorkbench.html",
    keywords  = "Gobstones, PyGobstones"
}

@book{Gobstones,
    author  = "Martínez López, Pablo E.",
    title   = "Las bases conceptuales de la Programación: Una nueva forma de aprender a programar",
    year    = "2013",
    isbn    = "978-987-33-4081-9",
    address = "La Plata, Buenos Aires, Argentina",
    url     = "http://www.gobstones.org/bibliografia/Libros/BasesConceptualesProg.pdf"
}

@conference{IntegratedLearningEnvironment,
  author    = "Peter Brusilovsky",
  booktitle ="J. Greer (ed.) Proceedings of AI-ED'95, 7th World Conference on Artificial Intelligence in Education",
  title     = "Intelligent learning environments for programming: The case for integration and adaptation",
  address   = "International Center for Scientific and Technical Information, Moscow, Russia",
  year      = "1995",
  pages   = "1-8"
}

@article{LanguageModularity,
    author  =    "Markus Voelter and Janet Siegmund and Thorsten Berger and Bernd Kolb",
    title   =    "Language modularity with the MPS language workbench",
    journal =    "Software Engineering (ICSE), 2012 34th International Conference",
    isbn    =    "978-1-4673-1066-6",
    year    =    "1905",
    DOI     =    "10.1109/ICSE.2012.6227070"
}

@conference {voelter2014projectional,
	title = {Towards User-Friendly Projectional Editors},
	booktitle = {7th International Conference on Software Language Engineering (SLE)},
	year = {2014},
	attachments = {http://gsd.uwaterloo.ca/sites/default/files/2014-sle-projectional.pdf},
	author = {Markus Voelter and Janet Siegmund and Thorsten Berger and Bernd Kolb}
}
